<record><leader>00000cas a22000007a 4500</leader><controlfield tag="001">14961502</controlfield><controlfield tag="008">861212c19129999paudn ne      0    0eng d</controlfield><datafield ind1=" " ind2=" " tag="010"><subfield code="a">sn 87078184 </subfield></datafield><datafield ind1=" " ind2=" " tag="040"><subfield code="a">NPH</subfield><subfield code="b">eng</subfield><subfield code="c">NPH</subfield><subfield code="d">OCLCQ</subfield><subfield code="d">UPM</subfield><subfield code="d">OCLCF</subfield></datafield><datafield ind1=" " ind2=" " tag="042"><subfield code="a">msc</subfield></datafield><datafield ind1="0" ind2=" " tag="130"><subfield code="a">Kane Republican (Kane, Pa. : 1912)</subfield></datafield><datafield ind1="1" ind2="4" tag="245"><subfield code="a">The Kane Republican.</subfield></datafield><datafield ind1="1" ind2="7" tag="246"><subfield code="a">Daily Republican</subfield></datafield><datafield ind1=" " ind2=" " tag="260"><subfield code="a">Kane, Pa. :</subfield><subfield code="b">Kane Republican Co.,</subfield><subfield code="c">1912-</subfield></datafield><datafield ind1=" " ind2=" " tag="300"><subfield code="a">v. :</subfield><subfield code="b">ill. ;</subfield><subfield code="c">58 cm.</subfield></datafield><datafield ind1=" " ind2=" " tag="310"><subfield code="a">Daily (except Sunday)</subfield></datafield><datafield ind1="0" ind2=" " tag="362"><subfield code="a">Vol. 18, no. 195 (Aug. 29, 1912)-</subfield></datafield><datafield ind1=" " ind2=" " tag="500"><subfield code="a">Also published in Mt. Jewett, Pa., &lt;Dec. 7, 1941&gt;.</subfield></datafield><datafield ind1=" " ind2=" " tag="500"><subfield code="a">Publisher: Kane Pub. Co., &lt;Dec. 7, 1941&gt;.</subfield></datafield><datafield ind1=" " ind2="0" tag="651"><subfield code="a">Kane (Pa.)</subfield><subfield code="v">Newspapers.</subfield></datafield><datafield ind1=" " ind2="7" tag="655"><subfield code="a">Newspapers.</subfield><subfield code="2">fast</subfield><subfield code="0">(OCoLC)fst01423814</subfield></datafield><datafield ind1=" " ind2="7" tag="651"><subfield code="a">Pennsylvania</subfield><subfield code="z">Kane.</subfield><subfield code="2">fast</subfield><subfield code="0">(OCoLC)fst01222024</subfield></datafield><datafield ind1=" " ind2=" " tag="752"><subfield code="a">United States</subfield><subfield code="b">Pennsylvania</subfield><subfield code="c">McKean</subfield><subfield code="d">Kane.</subfield></datafield><datafield ind1=" " ind2=" " tag="752"><subfield code="a">United States</subfield><subfield code="b">Pennsylvania</subfield><subfield code="c">McKean</subfield><subfield code="d">Mount Jewett.</subfield></datafield><datafield ind1="0" ind2="0" tag="780"><subfield code="t">Kane daily Republican</subfield><subfield code="w">(DLC)sn 87078362</subfield></datafield></record>